@article{lathrop1985multilocus,
  title={Multilocus linkage analysis in humans: detection of linkage and estimation of recombination.},
  author={Lathrop, G Mark and Lalouel, JM and Julier, C and Ott, J},
  journal={American journal of human genetics},
  volume={37},
  number={3},
  pages={482},
  year={1985},
  publisher={Elsevier}
}

@article{stam1993construction,
  title={Construction of integrated genetic linkage maps by means of a new computer package: Join Map},
  author={Stam, Piet},
  journal={The Plant Journal},
  volume={3},
  number={5},
  pages={739--744},
  year={1993},
  publisher={Wiley Online Library}
}

@article{bohonak2002ibd,
  title={IBD (isolation by distance): a program for analyses of isolation by distance},
  author={Bohonak, AJ},
  journal={Journal of Heredity},
  volume={93},
  number={2},
  pages={153--154},
  year={2002},
  publisher={Am Genetic Assoc}
}

@incollection{mcpeek1996introduction,
  title={An introduction to recombination and linkage analysis},
  author={McPEEK, MARY SARA},
  booktitle={Genetic Mapping and DNA Sequencing},
  pages={1--14},
  year={1996},
  publisher={Springer}
}

@article{elston1971general,
  title={A general model for the genetic analysis of pedigree data},
  author={Elston, Robert C and Stewart, John},
  journal={Human heredity},
  volume={21},
  number={6},
  pages={523--542},
  year={1971},
  publisher={Karger Publishers}
}

@article{lander1987mapmaker,
  title={MAPMAKER: an interactive computer package for constructing primary genetic linkage maps of experimental and natural populations},
  author={Lander, Eric S and Green, Philip and Abrahamson, Jeff and Barlow, Aaron and Daly, Mark J and Lincoln, Stephen E and Newburg, Lee},
  journal={Genomics},
  volume={1},
  number={2},
  pages={174--181},
  year={1987},
  publisher={Elsevier}
}

@article{lander1987construction,
  title={Construction of multilocus genetic linkage maps in humans},
  author={Lander, Eric S and Green, Philip},
  journal={Proceedings of the National Academy of Sciences},
  volume={84},
  number={8},
  pages={2363--2367},
  year={1987},
  publisher={National Acad Sciences}
}

@book{cormen2001introduction,
  title={Introduction to algorithms},
  author={Cormen, Thomas H and Leiserson, Charles E and Rivest, Ronald L and Stein, Clifford and others},
  volume={2},
  year={2001},
  publisher={MIT press Cambridge}
}

@article{petrovsky1989,
  language  = {russian},
  title={Краткая медицинская энциклопедия},
  author={Петровский, Б.В.},
  journal={Сов. Энциклопедия},
  year={1989},
  address={Москва}
}

@book{griffiths2005introduction,
  title={An introduction to genetic analysis},
  author={Griffiths, Anthony JF},
  year={2005},
  publisher={Macmillan}
}

@article{griffiths2000introduction,
  title={An Introduction to Genetic Analysis},
  author={Griffiths, Anthony JF and Miller, Jeffrey H and Suzuki, David T and Lewontin, Richard C},
  year={2000},
  publisher={W.H. Freeman},
  edition   = {7},
  address   = {New York}
}

@misc{cito1994,
  volume    = {1},
  edition   = {2},
  language  = {russian},
  title={Молекулярная биология клетки. В трех томах},
  author={Албертс, Б and Брей, Д and Льюис, Дж and Роберте, К and Уотсон, Дж},
  year={1994},
  address={Москва},
  publisher={Мир},
  pages     = {517}
}

@book{molecular,
    author    = {Strachan T. and Read E.},
    title     = {Human Molecular Genetics},
    edition   = {4},
    year      = {2009},
    publisher = {Garland Science},
    address   = {New York},
    pages     = {781}
}

@book{morgan1922mechanism,
  title={The mechanism of Mendelian heredity},
  author={Morgan, Thomas Hunt and Sturtevant, Alfred Henry and Muller, Hermann Joseph and Bridges, Calvin Blackman},
  year={1922},
  address={New York},
  publisher={Holt}
}

@book{schiller2010genome,
  title={Genome Mapping: To Determine Disease Susceptibility},
  author={Schiller, Jon},
  year={2010},
  publisher={CreateSpace}
}

@article{creighton1931correlation,
  title={A correlation of cytological and genetical crossing-over in Zea mays},
  author={Creighton, Harriet B and McClintock, Barbara},
  journal={Proceedings of the National Academy of Sciences of the United States of America},
  volume={17},
  number={8},
  pages={492},
  year={1931},
  publisher={National Academy of Sciences}
}

@article{goldhor1962genetics,
  title={Genetics and Evolution—Selected Papers of AH Sturtevant},
  author={Goldhor, Susan},
  journal={The Yale journal of biology and medicine},
  volume={34},
  number={5},
  pages={528},
  year={1962},
  publisher={Yale Journal of Biology and Medicine}
}

@article{sturtevant1939introduction,
  title={An introduction to genetics.},
  author={Sturtevant, Alfred Henry and Beadle, George Wells and others},
  journal={An introduction to genetics.},
  year={1939},
  publisher={WB Saunders Company, Philadelphia and London.}
}

@book{hartl2011genetics,
  title={Genetics},
  author={Hartl, Daniel and Ruvolo, Maryellen},
  year={2011},
  publisher={Jones \& Bartlett Publishers}
}

@book{malacinski2005essentials,
  title={Essentials of molecular biology},
  author={Malacinski, George M},
  year={2005},
  publisher={Jones \& Bartlett Learning}
}

@article{matise2007second,
  title={A second-generation combined linkage--physical map of the human genome},
  author={Matise, Tara C and Chen, Fang and Chen, Wenwei and Francisco, M and Hansen, Mark and He, Chunsheng and Hyland, Fiona CL and Kennedy, Giulia C and Kong, Xiangyang and Murray, Sarah S and others},
  journal={Genome research},
  volume={17},
  number={12},
  pages={1783--1786},
  year={2007},
  publisher={Cold Spring Harbor Lab}
}

@article{kruglyak1996parametric,
  title={Parametric and nonparametric linkage analysis: a unified multipoint approach.},
  author={Kruglyak, Leonid and Daly, Mark J and Reeve-Daly, Mary Pat and Lander, Eric S},
  journal={American journal of human genetics},
  volume={58},
  number={6},
  pages={1347},
  year={1996},
  publisher={Elsevier}
}

@manual{crimap,
    title = {Documentation for CRI-MAP},
    edition = {2.4},
    year = {1990},
    author = {Phil Green and Kathy Falls and Steve Crooks},
    url = {http://saf.bio.caltech.edu/saf_manuals/crimap-doc.html}
}

@manual{lmmap,
    title = {Introduction to lm\_map.},
    year = {2010},
    author = {Elizabeth Thompson.},
    url = {http://www.stat.washington.edu/thompson/Genepi/MORGAN/morgan-tut-html-v29/morgan-tut_103.html}
}

@book{dictionary,
    language  = {russian},
    title     = {Биологический энциклопедический словарь},
    year      = {1986},
    publisher = {Советская Энциклопедия},
    address   = {Москва},
    pages     = {831}
}

@book{meiosi,
    language  = {russian},
    author    = {В. В. Хвостова and Ю. Ф. Богданов},
    title     = "Цитология и генетика мейоза",
    year      = "1975",
    address  = "Москва",
    publisher = "Наука",
    pages     = "427"
}

@book{lander,
    author    = {Lander, E.S. and Green, P. },
    title     = "The Progress of Genetic Research",
    address  = "USA",
    volume = "84 (8)",
    year      = "1987",
    pages    = "2363–2367",
    publisher= "National Academy of Sciences"
}

@book{sysoev,
    language = {russian},
    author    = {Сысоев С.С},
    title     = "Эффективный алгоритм построение генетических карт по полностью секвенированным участкам геномов",
    booktitle = {Стохастическая оптимизация в информатике},
    address  = "СПб",
    year      = "2013",
    editor = {О.Н.Граничин},
    publisher= {Издательство С.-Петербургского Университета},
    pages = "87-94"
}

@book{anderson2004polymorphic,
  title={A polymorphic DNA marker genetically linked to Huntington's disease},
  author={ANDERSON, MARY ANNE and TANZI, RUDOLPH E and WATKINS, PAUL C and OTTINA, KATHLEEN and WALLACE, MARGARET R and SAKAGUCHI, ALAN Y and YOUNGH, ANNE B and SHOULSONH, IRA and BONILLAH, ERNESTO},
  journal={Landmarks in Medical Genetics: Classic Papers with Commentaries},
  volume={51},
  pages={153},
  year={2004},
  publisher={Oxford University Press}
}

@article{schellenberg1992genetic,
  title={Genetic linkage evidence for a familial Alzheimer's disease locus on chromosome 14},
  author={Schellenberg, Gerard D and Bird, Thomas D and Wijsman, Ellen M and Orr, Harry T and Anderson, Leojean and Nemens, Ellen and White, June A and Bonnycastle, Lori and Weber, James L and Alonso, M Elisa and others},
  journal={Science},
  volume={258},
  number={5082},
  pages={668--671},
  year={1992},
  publisher={American Association for the Advancement of Science}
}

@article{oberle1985genetic,
  title={Genetic screening for hemophilia A (classic hemophilia) with a polymorphic DNA probe},
  author={Oberle, Isabelle and Camerino, Giovanna and Heilig, Roland and Grunebaum, Lelia and Cazenave, Jean-Pierre and Crapanzano, Calogero and Mannucci, Pier M and Mandel, Jean-Louis},
  journal={New England Journal of Medicine},
  volume={312},
  number={11},
  pages={682--686},
  year={1985},
  publisher={Mass Medical Soc}
}

@article{fishelson2002exact,
  title={Exact genetic linkage computations for general pedigrees},
  author={Fishelson, Ma{\'a}yan and Geiger, Dan},
  journal={Bioinformatics},
  volume={18},
  number={suppl 1},
  pages={S189--S198},
  year={2002},
  publisher={Oxford Univ Press}
}

@article{o2001rapid,
  title={Rapid multipoint linkage analysis via inheritance vectors in the Elston-Stewart algorithm},
  author={O’Connell, Jeffrey R},
  journal={Human heredity},
  volume={51},
  number={4},
  pages={226--240},
  year={2001},
  publisher={Karger Publishers}
}

@article{fishelson2004optimizing,
  title={Optimizing exact genetic linkage computations},
  author={Fishelson, Ma{\'a}yan and Geiger, Dan},
  journal={Journal of Computational Biology},
  volume={11},
  number={2-3},
  pages={263--275},
  year={2004},
  publisher={Mary Ann Liebert, Inc.}
}